@misc{Fol,
	author = {Farr{\'{e}}, Rafel and Nieuwenhuis, Robert and Nivela, Pilar and Oliveras, Albert and Rodr{\'{i}}guez, Enric},
	title = {{Notas de Clase para IL - 4. Definici{\'{o}}n de L{\'{o}}gica de Primer Orden}},
	url = {https://app.box.com/file/225148226794},
	year = {2009}
}
@misc{Lpo,
	address = {Barcelona},
	author = {Farr{\'{e}}, Rafael and Nieuwenhuis, Robert and Nivela, Pilar and Oliveras, Albert and Rodr{\'{i}}guez, Enric},
	title = {{Notas de Clase para IL - 2.Definici{\'{o}}n de la L{\'{o}}gica Proposicional}},
	url = {https://app.box.com/file/225148187559},
	year = {2009}
}
@inproceedings{Cook1971,
	address = {New York, New York, USA},
	author = {Cook, Stephen A.},
	booktitle = {Proceedings of the third annual ACM symposium on Theory of computing  - STOC '71},
	doi = {10.1145/800157.805047},
	pages = {151--158},
	publisher = {ACM Press},
	title = {{The complexity of theorem-proving procedures}},
	url = {http://portal.acm.org/citation.cfm?doid=800157.805047},
	year = {1971}
}
@article{Abio,
	abstract = {Pseudo-Boolean constraints are omnipresent in practical ap-plications, and therefore a significant effort has been devoted to the de-velopment of good SAT encoding techniques for these constraints. Sev-eral of these encodings are based on building Binary Decision Diagrams (BDDs) and translating these into CNF. Indeed, BDD-based encodings have important advantages, such as sharing the same BDD for repre-senting many constraints. Here we first prove that, unless NP = Co-NP, there are Pseudo-Boolean constraints that admit no variable ordering giving a polynomial (Re-duced, Ordered) BDD. As far as we know, this result is new (in spite of some misleading information in the literature). It gives several interesting insights, also relating proof complexity and BDDs. But, more interestingly for practice, here we also show how to overcome this theoretical limitation by coefficient decomposition. This allows us to give the first polynomial arc-consistent BDD-based encoding for Pseudo-Boolean constraints.},
	author = {Ab{\'{i}}o, Ignasi and Nieuwenhuis, Robert and Oliveras, Albert and Rodr{\'{i}}guez-Carbonell, Enric},
	file = {:home/marcbenedi/.local/share/data/Mendeley Ltd./Mendeley Desktop/Downloaded/Ab{\'{i}}o et al. - Unknown - BDDs for Pseudo-Boolean Constraints – Revisited.pdf:pdf},
	title = {{BDDs for Pseudo-Boolean Constraints – Revisited}},
	url = {https://www.cs.upc.edu/{~}oliveras/espai/papers/sat12.pdf}
}

@article{Mitchell,
	abstract = {We report results from large-scale experiments in satisfiability testing. As has been observed by others, testing the satisfiability of random formu-las often appears surprisingly easy. Here we show that by using the right distribution of instances, and appropriate parameter values, it is possible to generate random formulas that are hard, that is, for which satisfiability testing is quite difficult. Our results provide a benchmark for the evalua-tion of satisfiability-testing procedures.},
	author = {Mitchell, David and Selman, Bart and Levesque, Hector},
	file = {:home/marcbenedi/.local/share/data/Mendeley Ltd./Mendeley Desktop/Downloaded/Mitchell, Selman, Levesque - Unknown - Hard and Easy Distributions of SAT Problems.pdf:pdf},
	title = {{Hard and Easy Distributions of SAT Problems}},
	url = {https://aaai.org/Papers/AAAI/1992/AAAI92-071.pdf}
}

@article{Holldobler,
	abstract = {Many different encodings for pseudo-Boolean constraints to the Boolean satisfiability problem have been proposed in the past. In this work we present a novel small sized and simple to implement encoding. The encoding maintains generalized arc consistency by unit propagation and results in a linear sized formula in conjunctive normal form with respect to the number of input variables. Experimental data confirms the advantages of the encoding over existing ones for most of the relevant PB instances.},
	author = {H{\"{o}}lldobler, Steffen and Manthey, Norbert and Steinke, Peter},
	file = {:home/marcbenedi/.local/share/data/Mendeley Ltd./Mendeley Desktop/Downloaded/H{\"{o}}lldobler, Manthey, Steinke - Unknown - A Compact Encoding of Pseudo-Boolean Constraints into SAT.pdf:pdf},
	title = {{A Compact Encoding of Pseudo-Boolean Constraints into SAT}},
	url = {https://mail-attachment.googleusercontent.com/attachment/u/0/?ui=2{\&}ik=7328377021{\&}view=att{\&}th=15e2e7b559196d67{\&}attid=0.2{\&}disp=inline{\&}safe=1{\&}zw{\&}saddbat=ANGjdJ9S{\_}JppQCGQWibmAw70nm3SJsSOBhJg1PGGwc8D5mdov9JRPuNYNPKnUhEwqiRBmWtvbS0tWSUSFbjX2PO6xhByHH1u3uJyl20bqvie{\_}A5wVWlyGHOKOsaPgNPEw3Y8EjoJoRyRKQ03MZA1Uma98pSK7xDtv5FPsTktHevmFB7ZP79m3vMbP7MvPgILPjcw0ppjmrcPa0T7u08d8WKIaj2ok8ZGK4xizwJ53fwq7jH8zWEgbMLdH3iV0HUpJDN0U619MSv{\_}2u{\_}{\_}eWwhfC14QE82TOnITUjuH7rGsdMKwsKwRrkwi-CoyPoJT8RAmSh2jKobXWTIejzVljGM8WWvOmglerOOPLjVRbR5H{\_}pgrV1LSjW4clhxqLfJfA-jW7Hi-AHADvop{\_}Z{\_}IiGErkOr-rhH9aMR7Z6-pcC4aECx046{\_}NOeCx5Fhmf-z71ZuWwUZ3PrMtEdDrDoJrmLDa2sWDQIuNom4yykZjVqBNSNoimvTOdUk31nwa85Bxf{\_}CnkIjv5T15jmLv-hZGLO1f77keyiLsiHKGLZ{\_}HAJGw9oLDXThmzAB0ivSmGjszgdj{\_}X1ODplVtdsqWtqViPDVmbct0tXfd33PYgBil3I08hQ}
}

@article{Steinke2015,
	abstract = {Many different encodings for PB constraints into conjunctive normal form (CNF) have been proposed in the past. The PBLib project starts to collect and implement these encodings to be able to encode PB constraints in a very simple, but effective way. The aim is not only to generate as few clauses as possible, but also using encodings that maintain generalized arc consistency by unit propagation, to speedup the run time of the SAT solver, solving the formula. A major issue of the implementation is a high flexibility for the user. Consequently it is not required to bring a PB constraint into a certain normal form. The PBLib automatically normalizes the constraints and decides which encoder provides the most effective translation. The user can also define constraints with two comparators (less equal and greater equal) and each PB constraint can be encoded in an incre-mental way: After an initial encoding it is possible to add a tighter bound with only a few additional clauses. This mechanism allows the user to develop SAT-based solvers for optimization problems with incremental strengthening and to keep the learned clauses for incremental SAT solver calls.},
	author = {Steinke, Peter},
	file = {:home/marcbenedi/.local/share/data/Mendeley Ltd./Mendeley Desktop/Downloaded/Steinke - 2015 - PBLib – A C Toolkit for Encoding Pseudo-Boolean Constraints into CNF.pdf:pdf},
	title = {{PBLib – A C++ Toolkit for Encoding Pseudo-Boolean Constraints into CNF}},
	url = {http://tools.computational-logic.org/content/pblib/pblib.pdf},
	year = {2015}
}

@article{Universidad2013,
	abstract = {Este art{\'{i}}culo presenta una serie de datos e informaciones que nos ayudan a tomar conciencia del enorme impacto que tiene la industria de las Tecnolog{\'{i}}as de la Informaci{\'{o}}n y la Comunicaci{\'{o}}n sobre nuestro medioambiente. El objetivo es ayudarnos a reflexionar sobre c{\'{o}}mo podemos reducir nuestra huella ecol{\'{o}}gica en un {\'{a}}mbito que cada d{\'{i}}a utilizamos m{\'{a}}s aunque quiz{\'{a}} muchas veces de manera prescindible. El imparable avance de la " Sociedad de la Informaci{\'{o}}n " Las cifras que nos informan del avance de la " Sociedad de la Informaci{\'{o}}n " en cuanto a penetraci{\'{o}}n y uso de las tecnolog{\'{i}}as de la informaci{\'{o}}n y la comunicaci{\'{o}}n (TICs) en nuestras sociedades no dejan de crecer. Solo en Espa{\~{n}}a, el n{\'{u}}mero de personas de 10 a{\~{n}}os y m{\'{a}}s que han accedido a Internet en alguna ocasi{\'{o}}n alcanz{\'{o}} en el tercer trimestre de 2012 los 29 millones de usuarios, lo que representa al 71,2{\%} de la poblaci{\'{o}}n. El 65{\%} lo hace de manera frecuente, el 50{\%}, a diario 1},
	author = {Universidad, Fernando Tucho and Carlos, Rey Juan},
	file = {:home/marcbenedi/.local/share/data/Mendeley Ltd./Mendeley Desktop/Downloaded/Universidad, Carlos - 2013 - El impacto de las TICs sobre el medioambiente.pdf:pdf},
	title = {{El impacto de las TICs sobre el medioambiente}},
	url = {http://www.ecologiaymedia.info/wp/wp-content/uploads/2015/01/el-impacto-de-las-TICs-sobre-el-medioambiente{\_}mayo13.pdf},
	year = {2013}
}
@article{Ghana,
	author = {GreenPace},
	file = {:home/marcbenedi/.local/share/data/Mendeley Ltd./Mendeley Desktop/Downloaded/Unknown - Unknown - greenpeace.es Envenenando la pobreza Residuos electr{\'{o}}nicos en Ghana.pdf:pdf},
	title = {{greenpeace.es Envenenando la pobreza Residuos electr{\'{o}}nicos en Ghana}},
	url = {https://www.greenpeace.org/argentina/Global/argentina/report/2008/10/envenenando-la-pobreza-resid.pdf}
}
@article{UberTaxi,
	author = {ElConfidencial},
	title = {{Uber: Taxis vs. Uber: tres a{\~{n}}os de conflicto. Noticias de Tecnolog{\'{i}}a}},
	url = {https://www.elconfidencial.com/tecnologia/2017-12-20/uber-conflicto-taxis-espana-sentencia{\_}1495885/}
}
@article{PagePersonnel,
	author = {PagePersonnel},
	file = {:home/marcbenedi/.local/share/data/Mendeley Ltd./Mendeley Desktop/Downloaded/Unknown - Unknown - Selecci{\'{o}}n y trabajo temporal especializado.pdf:pdf},
	title = {{Selecci{\'{o}}n y trabajo temporal especializado}},
	url = {https://www.pagepersonnel.es/sites/pagepersonnel.es/files/er{\_}tecnologia16.pdf}
}


