@article{Universidad2013,
abstract = {Este art{\'{i}}culo presenta una serie de datos e informaciones que nos ayudan a tomar conciencia del enorme impacto que tiene la industria de las Tecnolog{\'{i}}as de la Informaci{\'{o}}n y la Comunicaci{\'{o}}n sobre nuestro medioambiente. El objetivo es ayudarnos a reflexionar sobre c{\'{o}}mo podemos reducir nuestra huella ecol{\'{o}}gica en un {\'{a}}mbito que cada d{\'{i}}a utilizamos m{\'{a}}s aunque quiz{\'{a}} muchas veces de manera prescindible. El imparable avance de la " Sociedad de la Informaci{\'{o}}n " Las cifras que nos informan del avance de la " Sociedad de la Informaci{\'{o}}n " en cuanto a penetraci{\'{o}}n y uso de las tecnolog{\'{i}}as de la informaci{\'{o}}n y la comunicaci{\'{o}}n (TICs) en nuestras sociedades no dejan de crecer. Solo en Espa{\~{n}}a, el n{\'{u}}mero de personas de 10 a{\~{n}}os y m{\'{a}}s que han accedido a Internet en alguna ocasi{\'{o}}n alcanz{\'{o}} en el tercer trimestre de 2012 los 29 millones de usuarios, lo que representa al 71,2{\%} de la poblaci{\'{o}}n. El 65{\%} lo hace de manera frecuente, el 50{\%}, a diario 1},
author = {Universidad, Fernando Tucho and Carlos, Rey Juan},
file = {:home/marcbenedi/.local/share/data/Mendeley Ltd./Mendeley Desktop/Downloaded/Universidad, Carlos - 2013 - El impacto de las TICs sobre el medioambiente.pdf:pdf},
title = {{El impacto de las TICs sobre el medioambiente}},
url = {http://www.ecologiaymedia.info/wp/wp-content/uploads/2015/01/el-impacto-de-las-TICs-sobre-el-medioambiente{\_}mayo13.pdf},
year = {2013}
}
@article{Ghana,
	author = {GreenPace},
	file = {:home/marcbenedi/.local/share/data/Mendeley Ltd./Mendeley Desktop/Downloaded/Unknown - Unknown - greenpeace.es Envenenando la pobreza Residuos electr{\'{o}}nicos en Ghana.pdf:pdf},
	title = {{greenpeace.es Envenenando la pobreza Residuos electr{\'{o}}nicos en Ghana}},
	url = {https://www.greenpeace.org/argentina/Global/argentina/report/2008/10/envenenando-la-pobreza-resid.pdf}
}
@article{UberTaxi,
	author = {ElConfidencial},
	title = {{Uber: Taxis vs. Uber: tres a{\~{n}}os de conflicto. Noticias de Tecnolog{\'{i}}a}},
	url = {https://www.elconfidencial.com/tecnologia/2017-12-20/uber-conflicto-taxis-espana-sentencia{\_}1495885/}
}


